@article{familiari2006ultrastructural,
  title={Ultrastructural Dynamics of Human Reproduction, from Ovulation to Fertilization and Early Embryo Development1},
  author={Familiari, Giuseppe and Heyn, Rosemarie and Relucenti, Michela and Nottola, Stefania A and Sathananthan, A Henry},
  journal={International review of cytology},
  volume={249},
  pages={53--141},
  year={2006},
  publisher={Elsevier}
}

@article{nwabuobi2017hcg,
  title={hCG: biological functions and clinical applications},
  author={Nwabuobi, Chinedu and Arlier, Sefa and Schatz, Frederick and Guzeloglu-Kayisli, Ozlem and Lockwood, Charles Joseph and Kayisli, Umit Ali},
  journal={International Journal of Molecular Sciences},
  volume={18},
  number={10},
  pages={2037},
  year={2017},
  publisher={Multidisciplinary Digital Publishing Institute}
}

@article{practice2004current,
  title={Current evaluation of amenorrhea},
  author={ASRM},
  journal={Fertility and sterility},
  volume={82},
  pages={33--39},
  year={2004},
  publisher={Elsevier}
}